<record><leader>00000cas a22000007a 4500</leader><controlfield tag="001">18395040</controlfield><controlfield tag="008">880824c19509999okudr ne      0    0eng d</controlfield><datafield ind1=" " ind2=" " tag="010"><subfield code="a">sn 88084107 </subfield></datafield><datafield ind1=" " ind2=" " tag="040"><subfield code="a">PPM</subfield><subfield code="b">eng</subfield><subfield code="c">PPM</subfield><subfield code="d">OBN</subfield><subfield code="d">OCL</subfield><subfield code="d">OCLCQ</subfield></datafield><datafield ind1=" " ind2=" " tag="042"><subfield code="a">msc</subfield></datafield><datafield ind1="0" ind2="0" tag="245"><subfield code="a">Guymon daily herald.</subfield></datafield><datafield ind1=" " ind2=" " tag="260"><subfield code="a">Guymon, Okla. :</subfield><subfield code="b">Texas County Pub. Co.</subfield></datafield><datafield ind1=" " ind2=" " tag="310"><subfield code="a">Daily</subfield></datafield><datafield ind1="0" ind2=" " tag="362"><subfield code="a">Vol. 59, no. 139 (Aug. 15, 1950)-</subfield></datafield><datafield ind1=" " ind2="4" tag="651"><subfield code="a">Guymon (Okla.)</subfield><subfield code="v">Newspapers.</subfield></datafield><datafield ind1=" " ind2="4" tag="651"><subfield code="a">Texas County (Okla.)</subfield><subfield code="v">Newspapers.</subfield></datafield><datafield ind1=" " ind2=" " tag="752"><subfield code="a">United States</subfield><subfield code="b">Oklahoma</subfield><subfield code="c">Texas</subfield><subfield code="d">Guymon.</subfield></datafield><datafield ind1="0" ind2="0" tag="780"><subfield code="t">Panhandle news-herald</subfield><subfield code="w">(DLC)sn 93066093</subfield><subfield code="w">(OCoLC)28383915</subfield></datafield><datafield ind1="1" ind2=" " tag="029"><subfield code="a">AU@</subfield><subfield code="b">000020521019</subfield></datafield></record>